<marc:record xmlns:marc="http://www.loc.gov/MARC21/slim" xmlns:xsi="http://www.w3.org/2001/XMLSchema-instance" xsi:schemaLocation="http://www.loc.gov/MARC21/slim http://www.loc.gov/standards/marcxml/schema/MARC21slim.xsd"><marc:leader>01017nam a22001810a 45 0</marc:leader><marc:controlfield tag="001">137268</marc:controlfield><marc:controlfield tag="003">NL-AMISG</marc:controlfield><marc:controlfield tag="005">19950210234845.0</marc:controlfield><marc:controlfield tag="008">199502suuuuuuuu||||||||||||||||||||||| d</marc:controlfield><marc:datafield ind1=" " ind2=" " tag="020"><marc:subfield code="a">2-901968-38-4</marc:subfield></marc:datafield><marc:datafield ind1=" " ind2=" " tag="035"><marc:subfield code="a">(IISG)IISGb10005410</marc:subfield></marc:datafield><marc:datafield ind1=" " ind2=" " tag="040"><marc:subfield code="a">NL-AmISG</marc:subfield></marc:datafield><marc:datafield ind1="1" ind2=" " tag="100"><marc:subfield code="a">Naville, Pierre.</marc:subfield><marc:subfield code="0">(NL-AMISG)226008</marc:subfield></marc:datafield><marc:datafield ind1="1" ind2="3" tag="245"><marc:subfield code="a">Le temps, la technique, l'autogestion /</marc:subfield><marc:subfield code="c">Pierre Naville.</marc:subfield></marc:datafield><marc:datafield ind1=" " ind2=" " tag="260"><marc:subfield code="a">Paris :</marc:subfield><marc:subfield code="b">Syros,</marc:subfield><marc:subfield code="c">1980.</marc:subfield></marc:datafield><marc:datafield ind1=" " ind2=" " tag="300"><marc:subfield code="a">127 p.</marc:subfield></marc:datafield><marc:datafield ind1=" " ind2=" " tag="690"><marc:subfield code="a">F 1651</marc:subfield><marc:subfield code="b">France; social history; after 1789; social ideas, movements; socialism; after 1870; socialist movements; after 1879; Parti socialiste unifié PSU 1960; monographs</marc:subfield><marc:subfield code="c">Frankrijk; sociale geschiedenis; na 1789; sociale ideeën en bewegingen; socialisme; na 1870; socialistische bewegingen; na 1879; Parti socialiste unifié PSU 1960; verhandelingen.</marc:subfield></marc:datafield><marc:datafield ind1=" " ind2=" " tag="690"><marc:subfield code="a">F 1228</marc:subfield><marc:subfield code="b">France; social history; after 1789; social ideas, movements; socialism; after 1870; workers' control, autogestion</marc:subfield><marc:subfield code="c">Frankrijk; sociale geschiedenis; na 1789; sociale ideeën en bewegingen; socialisme; na 1870; verhandelingen; Arbeiderszelfbestuur.</marc:subfield></marc:datafield><marc:datafield ind1=" " ind2="0" tag="830"><marc:subfield code="a">Histoire et Theorie.</marc:subfield><marc:subfield code="0">(NL-AMISG)146724</marc:subfield></marc:datafield><marc:datafield ind1="4" ind2=" " tag="852"><marc:subfield code="a">IISG</marc:subfield><marc:subfield code="b">IISG</marc:subfield><marc:subfield code="c">IISG</marc:subfield><marc:subfield code="j">252/191</marc:subfield><marc:subfield code="n">Available</marc:subfield><marc:subfield code="p">N10005245</marc:subfield></marc:datafield><marc:datafield ind1=" " ind2=" " tag="901"><marc:subfield code="a">137268</marc:subfield><marc:subfield code="b">Unknown</marc:subfield><marc:subfield code="c">137268</marc:subfield><marc:subfield code="t">biblio</marc:subfield></marc:datafield><marc:datafield ind1=" " ind2=" " tag="902"><marc:subfield code="a">10622/4ECDAFAE-B7F7-4F9E-B0AD-5AA904E6C3F9</marc:subfield></marc:datafield></marc:record>